<record><leader>00000cas a2200000 a 4500</leader><controlfield tag="001">1780042</controlfield><controlfield tag="008">751101d185118uumiumr ne      0    0eng c</controlfield><datafield ind1=" " ind2=" " tag="010"><subfield code="a">sn2001061894</subfield></datafield><datafield ind1=" " ind2=" " tag="040"><subfield code="a">MUL</subfield><subfield code="b">eng</subfield><subfield code="c">MUL</subfield><subfield code="d">NYS</subfield><subfield code="d">OCLCQ</subfield><subfield code="d">OCLCO</subfield></datafield><datafield ind1="1" ind2=" " tag="029"><subfield code="a">AU@</subfield><subfield code="b">000023216497</subfield></datafield><datafield ind1=" " ind2=" " tag="042"><subfield code="a">pcc</subfield></datafield><datafield ind1=" " ind2=" " tag="043"><subfield code="a">n-us-mi</subfield></datafield><datafield ind1="0" ind2="4" tag="245"><subfield code="a">The Ancient landmark.</subfield></datafield><datafield ind1="1" ind2="7" tag="246"><subfield code="a">Ancient landmark and Masonic review</subfield></datafield><datafield ind1="1" ind2="7" tag="246"><subfield code="a">Ancient landmark and Masonic digest</subfield></datafield><datafield ind1=" " ind2=" " tag="260"><subfield code="a">Mount Clemens, Mich. :</subfield><subfield code="b">A.C. Smith,</subfield><subfield code="c">1851-</subfield></datafield><datafield ind1=" " ind2=" " tag="300"><subfield code="a">v. ;</subfield><subfield code="c">21-32 cm.</subfield></datafield><datafield ind1=" " ind2=" " tag="310"><subfield code="a">Monthly</subfield></datafield><datafield ind1=" " ind2=" " tag="321"><subfield code="a">Semimonthly,</subfield><subfield code="b">Aug. 1851-Nov. 1853</subfield></datafield><datafield ind1="0" ind2=" " tag="362"><subfield code="a">Vol. 1, no. 1 (July 1851)-</subfield></datafield><datafield ind1="1" ind2=" " tag="362"><subfield code="a">Vol. 2, no. 2 (Oct. 1852)- vol. 4, no. 2 (Jan, 1855) follow Masonic dates (5852-5855).</subfield></datafield><datafield ind1=" " ind2=" " tag="500"><subfield code="a">"Devoted to Masonry, Literature and the Arts."</subfield></datafield><datafield ind1=" " ind2=" " tag="500"><subfield code="a">Dates of Vol. 2, no. 2-vol.</subfield></datafield><datafield ind1=" " ind2=" " tag="500"><subfield code="a">Volumes bound with index.</subfield></datafield><datafield ind1=" " ind2=" " tag="515"><subfield code="a">Issues from Oct., 1852 to Jan. 1855 are dated by Masonic years (5852-5855).</subfield></datafield><datafield ind1=" " ind2=" " tag="530"><subfield code="a">Also issued on microfilm by New York Public Library.</subfield></datafield><datafield ind1=" " ind2=" " tag="588"><subfield code="a">Latest issue consulted: June, 1855.</subfield></datafield><datafield ind1=" " ind2="0" tag="650"><subfield code="a">Freemasonry</subfield><subfield code="z">United States</subfield><subfield code="v">Newspapers.</subfield></datafield><datafield ind1=" " ind2="0" tag="650"><subfield code="a">Freemasons</subfield><subfield code="z">United States</subfield><subfield code="v">Newspapers.</subfield></datafield><datafield ind1=" " ind2="0" tag="651"><subfield code="a">Mount Clemens (Mich.)</subfield><subfield code="v">Newspapers.</subfield></datafield><datafield ind1=" " ind2="0" tag="651"><subfield code="a">Macomb County (Mich.)</subfield><subfield code="v">Newspapers.</subfield></datafield><datafield ind1=" " ind2=" " tag="752"><subfield code="a">United States</subfield><subfield code="b">Michigan</subfield><subfield code="c">Macomb</subfield><subfield code="d">Mount Clemens.</subfield></datafield><datafield ind1="0" ind2=" " tag="776"><subfield code="c">Microfilm</subfield><subfield code="d">New York Public Library</subfield><subfield code="w">(OCoLC)29803050</subfield></datafield></record>